@misc{bc_centre_for_disease_control,
  year={2019},
  title={BC Centre for Disease Control},
  author={BC Centre for Disease Control},
  url={http://www.bccdc.ca/},
  lastaccessed={January 23, 2019}
}

@misc{surveillance_strategy_report,
  year={2018},
  title={Surveillance Strategy Report - Electronic Laboratory Reporting},
  author={Centers for Disease Control and Prevention},
  url={https://www.cdc.gov/surveillance/initiatives/lab-reporting.html},
  lastaccessed={January 23, 2019}
}

@article{janjua2016assessing,
  title={Assessing hepatitis C burden and treatment effectiveness through the British Columbia Hepatitis Testers Cohort (BC-HTC): design and characteristics of linked and unlinked participants},
  author={Janjua, Naveed Zafar and Kuo, Margot and Chong, Mei and Yu, Amanda and Alvarez, Maria and Cook, Darrel and Armour, Rosemary and Aiken, Ciaran and Li, Karen and Rizi, Seyed Ali Mussavi and others},
  journal={PLoS One},
  volume={11},
  number={3},
  pages={e0150176},
  year={2016},
  publisher={Public Library of Science}
}

@misc{laboratory_program_highlights,
  year={2012},
  title={Laboratory Program Highlights 2011-2012},
  author={Yin Chang},
  url={http://www.bccdc.ca/resource-gallery/Documents/Statistics\%20and\%20Research/Statistics\%20and\%20Reports/Labs/Web_20112012AnnualReport_FINAL.pdf},
  lastaccessed={January 28, 2019}
}

@article{suominen2014guest,
  title={Guest Editorial: Text mining and information analysis of health documents},
  author={Suominen, Hanna},
  journal={Artificial intelligence in medicine},
  volume={61},
  number={3},
  pages={127--130},
  year={2014},
  publisher={Elsevier Science Publishers Ltd.}
}

@article{dalianis2009stockholm,
  title={The Stockholm EPR Corpus--characteristics and some initial findings},
  author={Dalianis, Hercules and Hassel, Martin and Velupillai, Sumithra},
  journal={Proceedings of 14th International Symposium for Health Information Management Research},
  volume={219},
  pages={243-â€“249},
  year={2009}
}

@article{segura2018predicting,
  title={Predicting of anaphylaxis in big data EMR by exploring machine learning approaches},
  author={Segura-Bedmar, Isabel and Col{\'o}n-Ru{\'\i}z, Cristobal and Tejedor-Alonso, Migu{\'e}l {\'A}ngel and Moro-Moro, Mar},
  journal={Journal of biomedical informatics},
  volume={87},
  pages={50--59},
  year={2018},
  publisher={Elsevier}
}

@article{velupillai2014cue,
  title={Cue-based assertion classification for Swedish clinical text - developing a lexicon for pyConTextSwe},
  author={Velupillai, Sumithra and Skeppstedt, Maria and Kvist, Maria and Mowery, Danielle and Chapman, Brian E and Dalianis, Hercules and Chapman, Wendy W},
  journal={Artificial intelligence in medicine},
  volume={61},
  number={3},
  pages={137--144},
  year={2014},
  publisher={Elsevier}
}

@inproceedings{jang2006text,
  title={Text mining for medical documents using a Hidden Markov Model},
  author={Jang, Hyeju and Song, Sa Kwang and Myaeng, Sung Hyon},
  booktitle={Asia Information Retrieval Symposium},
  pages={553--559},
  year={2006},
  publisher={Springer}
}

@article{spasic2014text,
  title={Text mining of cancer-related information: review of current status and future directions},
  author={Spasi{\'c}, Irena and Livsey, Jacqueline and Keane, John A and Nenadi{\'c}, Goran},
  journal={International journal of medical informatics},
  volume={83},
  number={9},
  pages={605--623},
  year={2014},
  publisher={Elsevier}
}

@article{kang2013extracting,
  title={Extracting laboratory test information from biomedical text},
  author={Kang, Yanna Shen and Kayaalp, Mehmet},
  journal={Journal of pathology informatics},
  volume={4},
  year={2013},
  pages={23},
  publisher={Wolters Kluwer--Medknow Publications}
}

@article{hasan2016study,
  title={A study of the effectiveness of machine learning methods for classification of clinical interview fragments into a large number of categories},
  author={Hasan, Mehedi and Kotov, Alexander and Carcone, April Idalski and Dong, Ming and Naar, Sylvie and Hartlieb, Kathryn Brogan},
  journal={Journal of biomedical informatics},
  volume={62},
  pages={21--31},
  year={2016},
  publisher={Elsevier}
}

@article{napolitano2016machine,
  title={Machine learning classification of surgical pathology reports and chunk recognition for information extraction noise reduction},
  author={Napolitano, Giulio and Marshall, Adele and Hamilton, Peter and Gavin, Anna T},
  journal={Artificial intelligence in medicine},
  volume={70},
  pages={77--83},
  year={2016},
  publisher={Elsevier}
}

@article{pineda2015comparison,
  title={Comparison of machine learning classifiers for influenza detection from emergency department free-text reports},
  author={Pineda, Arturo L{\'o}pez and Ye, Ye and Visweswaran, Shyam and Cooper, Gregory F and Wagner, Michael M and Tsui, Fuchiang Rich},
  journal={Journal of biomedical informatics},
  volume={58},
  pages={60--69},
  year={2015},
  publisher={Elsevier}
}

@article{ye2014influenza,
  title={Influenza detection from emergency department reports using natural language processing and Bayesian network classifiers},
  author={Ye, Ye and Tsui, Fuchiang and Wagner, Michael and Espino, Jeremy U and Li, Qi},
  journal={Journal of the American Medical Informatics Association},
  volume={21},
  number={5},
  pages={815--823},
  year={2014},
  publisher={BMJ Publishing Group BMA House, Tavistock Square, London, WC1H 9JR}
}

@article{pakhomov2008automatic,
  title={Automatic classification of foot examination findings using clinical notes and machine learning},
  author={Pakhomov, Serguei VS and Hanson, Penny L and Bjornsen, Susan S and Smith, Steven A},
  journal={Journal of the American Medical Informatics Association},
  volume={15},
  number={2},
  pages={198--202},
  year={2008},
  publisher={BMJ Group BMA House, Tavistock Square, London, WC1H 9JR}
}

@article{kang2017detecting,
  title={Detecting negation and scope in Chinese clinical notes using character and word embedding},
  author={Kang, Tian and Zhang, Shaodian and Xu, Nanfang and Wen, Dong and Zhang, Xingting and Lei, Jianbo},
  journal={Computer methods and programs in biomedicine},
  volume={140},
  pages={53--59},
  year={2017},
  publisher={Elsevier}
}
